%% This BibTeX bibliography file was created using BibDesk.
%% https://bibdesk.sourceforge.io/

%% Created for Julian Reynolds at 2023-11-17 14:15:52 +1100 


%% Saved with string encoding Unicode (UTF-8) 



@conference{Reynolds:2019aa,
	address = {Canberra, ACT, Australia},
	author = {Reynolds, James},
	booktitle = {Australasian Transport Research Forum},
	date-added = {2023-11-17 14:13:33 +1100},
	date-modified = {2023-11-17 14:15:50 +1100},
	id = {1552},
	title = {``{O} teach me how {I} should forget to think''; {Safe Systems}, human factors, institutions and a {Montague Street} bridge crash},
	year = {2019}}

@article{TAC:2016aa,
	address = {VIC, Australia},
	author = {{Transport Accident Commission (TAC)}},
	date-added = {2023-11-01 12:00:12 +1100},
	date-modified = {2023-11-01 12:50:22 +1100},
	publisher = {Victoria State Government},
	st = {Meet Graham},
	title = {{Meet Graham}},
	url = {http://www.meetgraham.com.au/},
	year = {2016},
	bdsk-url-1 = {http://www.meetgraham.com.au/}}

@book{Hillier:2022aa,
	address = {Australia},
	author = {Hillier, P.},
	date-added = {2023-11-01 10:18:48 +1100},
	date-modified = {2023-11-01 10:18:48 +1100},
	id = {177952},
	isbn = {9781922700223},
	publisher = {AustRoads},
	st = {Guide to road safety: part 6: road safety audit},
	title = {Guide to road safety: part 6: road safety audit},
	url = {https://austroads.com.au/publications/road-safety/agrs06},
	year = {2022},
	bdsk-url-1 = {https://austroads.com.au/publications/road-safety/agrs06}}

@incollection{Lydon:2017aa,
	address = {Clayton, Victoria},
	author = {Lydon, Mary and Turner, Blair},
	booktitle = {Traffic engineering and management},
	chapter = {20},
	date-added = {2023-11-01 09:36:43 +1100},
	date-modified = {2023-11-01 10:20:39 +1100},
	edition = {Seventh},
	editor = {Delbosc, Alexa and Young, William},
	id = {1431},
	keywords = {Traffic engineering -- Australia Traffic flow -- Australia -- Management},
	pages = {555-572},
	publisher = {Monash University Institute of Transport Studies},
	st = {Building a safe system for transport},
	title = {Building a safe system for transport},
	year = {2017}}
